@book{weissman_2017, place={Providence, RI}, title={An Illustrated Theory of Numbers}, publisher={American Mathematical Society}, author={Weissman, Martin H.}, year={2017}}

@book{niven1991introduction,
  title={An introduction to the theory of numbers},
  author={Niven, Ivan and Zuckerman, Herbert S and Montgomery, Hugh L},
  year={1991},
  publisher={John Wiley \& Sons}
}

@inproceedings{hoffstein1998ntru,
  title={NTRU: A ring-based public key cryptosystem},
  author={Hoffstein, Jeffrey and Pipher, Jill and Silverman, Joseph H},
  booktitle={International Algorithmic Number Theory Symposium},
  pages={267--288},
  year={1998},
  organization={Springer}
}